
@Book{Mitkowski2,
author = {Mitkowski W.},
title = {Stabilizacja systemów dynamicznych},
publisher = {Wydawnictwo AGH},
year = {1996},
address = {Kraków},
langid = {polish},
}

@Electronic{TRMS,
	title = {{Modelling and Control of a Twin-Rotor MIMO System}},
	url = {http://madsogheidi.dk/uni/6sem/report.pdf}
}
